
@inproceedings{dragar2023detection,
      title={Beyond Detection: Visual Realism Assessment of Deepfakes},
      author={Luka Dragar and Peter Peer and Vitomir Štruc and Borut Batagelj},
      year={2023},
      booktitle={Proceedings of the 32th International Electrotechnical and Computer Science Conference ERK 2023},
      archivePrefix={arXiv},
      eprint={2306.05985},
      primaryClass={cs.CV}
}

@inproceedings{peng_etal_2023,
  title={DFGC-VRA: DeepFake Game Competition on Visual Realism Assessment},
  author={Peng, B. and Sun, X. and Wang, C. and Wang, W. and Dong, J. and Sun, Z. and Cong, H. and Fu, L. and Wang, H. and Zhang, R. and Zhang, Y. and Zhang, H. and Zhang, X. and Liu, B. and Ling, H. and Dragar, L. and Batagelj, B. and Peer, P. and Štruc, V. and Wang, H. and Diao, W.},
  booktitle={Proceedings of the 2023 IEEE International Joint Conference on Biometrics},
  year={2023},
}

@article{DBLP:journals/corr/abs-2103-00484,
  author       = {Momina Masood and
                  Marriam Nawaz and
                  Khalid Mahmood Malik and
                  Ali Javed and
                  Aun Irtaza},
  title        = {Deepfakes Generation and Detection: State-of-the-art, open challenges,
                  countermeasures, and way forward},
  journal      = {CoRR},
  volume       = {abs/2103.00484},
  year         = {2021},
  url          = {https://arxiv.org/abs/2103.00484},
  eprinttype    = {arXiv},
  eprint       = {2103.00484},
  timestamp    = {Thu, 04 Mar 2021 17:00:40 +0100},
  biburl       = {https://dblp.org/rec/journals/corr/abs-2103-00484.bib},
  bibsource    = {dblp computer science bibliography, https://dblp.org}
}

@article{DBLP:journals/corr/abs-2009-03155,
  author       = {Pavel Korshunov and
                  S{\'{e}}bastien Marcel},
  title        = {Deepfake detection: humans vs. machines},
  journal      = {CoRR},
  volume       = {abs/2009.03155},
  year         = {2020},
  url          = {https://arxiv.org/abs/2009.03155},
  eprinttype    = {arXiv},
  eprint       = {2009.03155},
  timestamp    = {Thu, 17 Sep 2020 12:49:52 +0200},
  biburl       = {https://dblp.org/rec/journals/corr/abs-2009-03155.bib},
  bibsource    = {dblp computer science bibliography, https://dblp.org}
}
@misc{peng2022dfgc,
      title={DFGC 2022: The Second DeepFake Game Competition}, 
      author={Bo Peng and Wei Xiang and Yue Jiang and Wei Wang and Jing Dong and Zhenan Sun and Zhen Lei and Siwei Lyu},
      year={2022},
      eprint={2206.15138},
      archivePrefix={arXiv},
      primaryClass={cs.CV}
}
@article{DBLP:journals/corr/abs-2105-06496,
  author       = {Matthew Groh and
                  Ziv Epstein and
                  Chaz Firestone and
                  Rosalind W. Picard},
  title        = {Comparing Human and Machine Deepfake Detection with Affective and
                  Holistic Processing},
  journal      = {CoRR},
  volume       = {abs/2105.06496},
  year         = {2021},
  url          = {https://arxiv.org/abs/2105.06496},
  eprinttype    = {arXiv},
  eprint       = {2105.06496},
  timestamp    = {Tue, 18 May 2021 18:46:40 +0200},
  biburl       = {https://dblp.org/rec/journals/corr/abs-2105-06496.bib},
  bibsource    = {dblp computer science bibliography, https://dblp.org}
}
@misc{ivanovska2022face,
      title={Face Morphing Attack Detection Using Privacy-Aware Training Data}, 
      author={Marija Ivanovska and Andrej Kronovšek and Peter Peer and Vitomir Štruc and Borut Batagelj},
      year={2022},
      eprint={2207.00899},
      archivePrefix={arXiv},
      primaryClass={cs.CV}
}
@misc{khalid2022fakeavceleb,
      title={FakeAVCeleb: A Novel Audio-Video Multimodal Deepfake Dataset}, 
      author={Hasam Khalid and Shahroz Tariq and Minha Kim and Simon S. Woo},
      year={2022},
      eprint={2108.05080},
      archivePrefix={arXiv},
      primaryClass={cs.CV}
}
@misc{li2023generalizable,
      title={How Generalizable are Deepfake Detectors? An Empirical Study}, 
      author={Boquan Li and Jun Sun and Christopher M. Poskitt},
      year={2023},
      eprint={2308.04177},
      archivePrefix={arXiv},
      primaryClass={cs.CV}
}
@article{DBLP:journals/corr/abs-2201-11975,
  author       = {Yu Tian and
                  Zhangkai Ni and
                  Baoliang Chen and
                  Shiqi Wang and
                  Hanli Wang and
                  Sam Kwong},
  title        = {Generalized Visual Quality Assessment of GAN-Generated Face Images},
  journal      = {CoRR},
  volume       = {abs/2201.11975},
  year         = {2022},
  url          = {https://arxiv.org/abs/2201.11975},
  eprinttype    = {arXiv},
  eprint       = {2201.11975},
  timestamp    = {Wed, 02 Feb 2022 15:00:01 +0100},
  biburl       = {https://dblp.org/rec/journals/corr/abs-2201-11975.bib},
  bibsource    = {dblp computer science bibliography, https://dblp.org}
}
@inproceedings{shiohara2022detecting,
  title={Detecting Deepfakes with Self-Blended Images},
  author={Shiohara, Kaede and Yamasaki, Toshihiko},
  booktitle={Proceedings of the IEEE/CVF Conference on Computer Vision and Pattern Recognition},
  pages={18720--18729},
  year={2022},
  eprint={2204.08376},
  archivePrefix={arXiv},
  primaryClass={cs.CV}
}
@article{ISTVT,
  author={Zhao, Cairong and Wang, Chutian and Hu, Guosheng and Chen, Haonan and Liu, Chun and Tang, Jinhui},
  journal={IEEE Transactions on Information Forensics and Security}, 
  title={ISTVT: Interpretable Spatial-Temporal Video Transformer for Deepfake Detection}, 
  year={2023},
  volume={18},
  number={},
  pages={1335-1348},
  doi={10.1109/TIFS.2023.3239223}}

@ARTICLE{AVoiD,
  author={Yang, Wenyuan and Zhou, Xiaoyu and Chen, Zhikai and Guo, Bofei and Ba, Zhongjie and Xia, Zhihua and Cao, Xiaochun and Ren, Kui},
  journal={IEEE Transactions on Information Forensics and Security}, 
  title={AVoiD-DF: Audio-Visual Joint Learning for Detecting Deepfake}, 
  year={2023},
  volume={18},
  number={},
  pages={2015-2029},
  doi={10.1109/TIFS.2023.3262148}}

@article{DBLP:journals/corr/abs-2201-11975,
  author       = {Yu Tian and
                  Zhangkai Ni and
                  Baoliang Chen and
                  Shiqi Wang and
                  Hanli Wang and
                  Sam Kwong},
  title        = {Generalized Visual Quality Assessment of GAN-Generated Face Images},
  journal      = {CoRR},
  volume       = {abs/2201.11975},
  year         = {2022},
  url          = {https://arxiv.org/abs/2201.11975},
  eprinttype    = {arXiv},
  eprint       = {2201.11975},
  timestamp    = {Wed, 02 Feb 2022 15:00:01 +0100},
  biburl       = {https://dblp.org/rec/journals/corr/abs-2201-11975.bib},
  bibsource    = {dblp computer science bibliography, https://dblp.org}
}
@misc{babnik2023diffiqa,
      title={DifFIQA: Face Image Quality Assessment Using Denoising Diffusion Probabilistic Models}, 
      author={Žiga Babnik and Peter Peer and Vitomir Štruc},
      year={2023},
      eprint={2305.05768},
      archivePrefix={arXiv},
      primaryClass={cs.CV}
}
@misc{zhao2023zoomvqa,
      title={Zoom-VQA: Patches, Frames and Clips Integration for Video Quality Assessment}, 
      author={Kai Zhao and Kun Yuan and Ming Sun and Xing Wen},
      year={2023},
      eprint={2304.06440},
      archivePrefix={arXiv},
      primaryClass={cs.CV}
}

@article{DBLP:journals/corr/abs-2103-16076,
  author       = {Tianfei Zhou and
                  Wenguan Wang and
                  Zhiyuan Liang and
                  Jianbing Shen},
  title        = {Face Forensics in the Wild},
  journal      = {CoRR},
  volume       = {abs/2103.16076},
  year         = {2021},
  url          = {https://arxiv.org/abs/2103.16076},
  eprinttype    = {arXiv},
  eprint       = {2103.16076},
  timestamp    = {Wed, 07 Apr 2021 15:31:46 +0200},
  biburl       = {https://dblp.org/rec/journals/corr/abs-2103-16076.bib},
  bibsource    = {dblp computer science bibliography, https://dblp.org}
}
@misc{sun2023visual,
      title={Visual Realism Assessment for Face-swap Videos}, 
      author={Xianyun Sun and Beibei Dong and Caiyong Wang and Bo Peng and Jing Dong},
      year={2023},
      eprint={2302.00918},
      archivePrefix={arXiv},
      primaryClass={cs.CV}
}
@misc{fang2022eva,
      title={EVA: Exploring the Limits of Masked Visual Representation Learning at Scale}, 
      author={Yuxin Fang and Wen Wang and Binhui Xie and Quan Sun and Ledell Wu and Xinggang Wang and Tiejun Huang and Xinlong Wang and Yue Cao},
      year={2022},
      eprint={2211.07636},
      archivePrefix={arXiv},
      primaryClass={cs.CV}
}
@article{DBLP:journals/corr/abs-2201-03545,
  author       = {Zhuang Liu and
                  Hanzi Mao and
                  Chao{-}Yuan Wu and
                  Christoph Feichtenhofer and
                  Trevor Darrell and
                  Saining Xie},
  title        = {A ConvNet for the 2020s},
  journal      = {CoRR},
  volume       = {abs/2201.03545},
  year         = {2022},
  url          = {https://arxiv.org/abs/2201.03545},
  eprinttype    = {arXiv},
  eprint       = {2201.03545},
  timestamp    = {Thu, 20 Jan 2022 14:21:35 +0100},
  biburl       = {https://dblp.org/rec/journals/corr/abs-2201-03545.bib},
  bibsource    = {dblp computer science bibliography, https://dblp.org}
}
@article{DBLP:journals/corr/HeZRS15,
  author       = {Kaiming He and
                  Xiangyu Zhang and
                  Shaoqing Ren and
                  Jian Sun},
  title        = {Deep Residual Learning for Image Recognition},
  journal      = {CoRR},
  volume       = {abs/1512.03385},
  year         = {2015},
  url          = {http://arxiv.org/abs/1512.03385},
  eprinttype    = {arXiv},
  eprint       = {1512.03385},
  timestamp    = {Wed, 25 Jan 2023 11:01:16 +0100},
  biburl       = {https://dblp.org/rec/journals/corr/HeZRS15.bib},
  bibsource    = {dblp computer science bibliography, https://dblp.org}
}
@article{DBLP:journals/corr/abs-2103-14030,
  author       = {Ze Liu and
                  Yutong Lin and
                  Yue Cao and
                  Han Hu and
                  Yixuan Wei and
                  Zheng Zhang and
                  Stephen Lin and
                  Baining Guo},
  title        = {Swin Transformer: Hierarchical Vision Transformer using Shifted Windows},
  journal      = {CoRR},
  volume       = {abs/2103.14030},
  year         = {2021},
  url          = {https://arxiv.org/abs/2103.14030},
  eprinttype    = {arXiv},
  eprint       = {2103.14030},
  timestamp    = {Mon, 05 Jun 2023 16:18:23 +0200},
  biburl       = {https://dblp.org/rec/journals/corr/abs-2103-14030.bib},
  bibsource    = {dblp computer science bibliography, https://dblp.org}
}
@article{DBLP:journals/corr/abs-1801-04381,
  author       = {Mark Sandler and
                  Andrew G. Howard and
                  Menglong Zhu and
                  Andrey Zhmoginov and
                  Liang{-}Chieh Chen},
  title        = {Inverted Residuals and Linear Bottlenecks: Mobile Networks for Classification,
                  Detection and Segmentation},
  journal      = {CoRR},
  volume       = {abs/1801.04381},
  year         = {2018},
  url          = {http://arxiv.org/abs/1801.04381},
  eprinttype    = {arXiv},
  eprint       = {1801.04381},
  timestamp    = {Tue, 12 Jan 2021 15:30:06 +0100},
  biburl       = {https://dblp.org/rec/journals/corr/abs-1801-04381.bib},
  bibsource    = {dblp computer science bibliography, https://dblp.org}
}
@article{DBLP:journals/corr/abs-2010-11929,
  author       = {Alexey Dosovitskiy and
                  Lucas Beyer and
                  Alexander Kolesnikov and
                  Dirk Weissenborn and
                  Xiaohua Zhai and
                  Thomas Unterthiner and
                  Mostafa Dehghani and
                  Matthias Minderer and
                  Georg Heigold and
                  Sylvain Gelly and
                  Jakob Uszkoreit and
                  Neil Houlsby},
  title        = {An Image is Worth 16x16 Words: Transformers for Image Recognition
                  at Scale},
  journal      = {CoRR},
  volume       = {abs/2010.11929},
  year         = {2020},
  url          = {https://arxiv.org/abs/2010.11929},
  eprinttype    = {arXiv},
  eprint       = {2010.11929},
  timestamp    = {Fri, 20 Nov 2020 14:04:05 +0100},
  biburl       = {https://dblp.org/rec/journals/corr/abs-2010-11929.bib},
  bibsource    = {dblp computer science bibliography, https://dblp.org}
}

@article{DBLP:journals/corr/abs-2005-05535,
  author       = {Ivan Perov and
                  Daiheng Gao and
                  Nikolay Chervoniy and
                  Kunlin Liu and
                  Sugasa Marangonda and
                  Chris Um{\'{e}} and
                  Mr. Dpfks and
                  Carl Shift Facenheim and
                  Luis RP and
                  Jian Jiang and
                  Sheng Zhang and
                  Pingyu Wu and
                  Bo Zhou and
                  Weiming Zhang},
  title        = {DeepFaceLab: {A} simple, flexible and extensible face swapping framework},
  journal      = {CoRR},
  volume       = {abs/2005.05535},
  year         = {2020},
  url          = {https://arxiv.org/abs/2005.05535},
  eprinttype    = {arXiv},
  eprint       = {2005.05535},
  timestamp    = {Mon, 31 Jul 2023 09:01:38 +0200},
  biburl       = {https://dblp.org/rec/journals/corr/abs-2005-05535.bib},
  bibsource    = {dblp computer science bibliography, https://dblp.org}
}
@article{DBLP:journals/corr/abs-2106-06340,
  author       = {Renwang Chen and
                  Xuanhong Chen and
                  Bingbing Ni and
                  Yanhao Ge},
  title        = {SimSwap: An Efficient Framework For High Fidelity Face Swapping},
  journal      = {CoRR},
  volume       = {abs/2106.06340},
  year         = {2021},
  url          = {https://arxiv.org/abs/2106.06340},
  eprinttype    = {arXiv},
  eprint       = {2106.06340},
  timestamp    = {Tue, 15 Jun 2021 16:35:15 +0200},
  biburl       = {https://dblp.org/rec/journals/corr/abs-2106-06340.bib},
  bibsource    = {dblp computer science bibliography, https://dblp.org}
}
@article{DBLP:journals/corr/abs-1912-13457,
  author       = {Lingzhi Li and
                  Jianmin Bao and
                  Hao Yang and
                  Dong Chen and
                  Fang Wen},
  title        = {FaceShifter: Towards High Fidelity And Occlusion Aware Face Swapping},
  journal      = {CoRR},
  volume       = {abs/1912.13457},
  year         = {2019},
  url          = {http://arxiv.org/abs/1912.13457},
  eprinttype    = {arXiv},
  eprint       = {1912.13457},
  timestamp    = {Tue, 08 Nov 2022 08:27:44 +0100},
  biburl       = {https://dblp.org/rec/journals/corr/abs-1912-13457.bib},
  bibsource    = {dblp computer science bibliography, https://dblp.org}
}
@article{DBLP:journals/corr/ZhangZL016,
  author       = {Kaipeng Zhang and
                  Zhanpeng Zhang and
                  Zhifeng Li and
                  Yu Qiao},
  title        = {Joint Face Detection and Alignment using Multi-task Cascaded Convolutional
                  Networks},
  journal      = {CoRR},
  volume       = {abs/1604.02878},
  year         = {2016},
  url          = {http://arxiv.org/abs/1604.02878},
  eprinttype    = {arXiv},
  eprint       = {1604.02878},
  timestamp    = {Thu, 09 Sep 2021 01:19:36 +0200},
  biburl       = {https://dblp.org/rec/journals/corr/ZhangZL016.bib},
  bibsource    = {dblp computer science bibliography, https://dblp.org}
}
@article{opencv_library,
    author = {Bradski, G.},
    citeulike-article-id = {2236121},
    journal = {Dr. Dobb's Journal of Software Tools},
    keywords = {bibtex-import},
    posted-at = {2008-01-15 19:21:54},
    priority = {4},
    title = {{The OpenCV Library}},
    year = {2000}
}

@inproceedings{norminnorm,
author = {Li, Dingquan and Jiang, Tingting and Jiang, Ming},
year = {2020},
month = {10},
pages = {789-797},
title = {Norm-in-Norm Loss with Faster Convergence and Better Performance for Image Quality Assessment},
doi = {10.1145/3394171.3413804}
}

@article{vodnjak,
author = {Franc Solina and Blaž Meden},
title = {Light fountain – a virtually enhanced stone sculpture},
journal = {Digital Creativity},
volume = {28},
number = {2},
pages = {89--102},
year  = {2017},
publisher = {Routledge},
doi = {10.1080/14626268.2016.1258422}
}

@article{fortnow2009viewpoint,
title={Viewpoint Time for computer science to grow up},
author={Fortnow, Lance},
journal={Communications of the ACM},
volume={52},
number={8},
pages={33--35},
year={2009},
publisher={ACM},
doi = {10.1145/1536616.1536631}
}

@techreport{diploma,
Title  = {Vizualizacija},
Author = {Balon, Andreja},
institution = {Fakulteta za elektrotehniko in ra\v{c}unalni\v{s}tvo, Univerza v Ljubljani},
Year        = {1990},
type        = {Diplomska naloga}
}


@online{pdfa,
key = {pdfa},
title={{PDF/A}},
url = {http://en.wikipedia.org/wiki/PDF/A},
urldate = {2016-06-05},
year = {2005}
}

@online{friweb,
title = {{Univerza v Ljubljani, Fakulteta za ra\v{c}unalni\v{s}tvo in informatiko}},
key = {FRI},
url = {https://fri.uni-lj.si/sl},
urldate = {2017-09-02}
}

@online{lidija,
title = {Obisk galerije v času novakoronavirusa ali govorica oblike in njenih mankov},
author = {Golc, Lidija},
organization = {Vrabec anarhist, Portal za književnost in mišljenje},
url={http://vrabecanarhist.eu/lidija-golc-franc-solina-ocena/},
urldate = {2021-02-27},
year = 2020
}

@report{andersen2012kinect,
  title={Kinect depth sensor evaluation for computer vision applications},
  author={Andersen, Michael Riis and Jensen, Thomas and Lisouski, Pavel and Mortensen, Anders Krogh and Hansen, Mikkel Kragh and Gregersen, Torben and Ahrendt, Peter},
  institution={Department of Engineering, Aarhus University},
  series = {Technical Report Electronics and Computer Engineering},
  volume = {1},
  number = {6},
  year={2012},
  url={https://tidsskrift.dk/ece/article/view/21221},
  urldate = {2021-05-10},
}

@incollection{knuth1983simple,
  title={Simple word problems in universal algebras},
  author={Knuth, Donald E and Bendix, Peter B},
  booktitle={Automation of Reasoning: Classical papers on computational logic 1957--1966},
  editor = {Siekmann, Jörg H. and Wrightson, Graham},
  pages={342--376},
  year={1983},
  publisher={Springer},
  doi = {10.1007/978-3-642-81955-1_23}
}

@book{lamport,
  title={LaTEX: A Document Preparation System},
  author={Lamport, Leslie},
  year={1986},
  publisher={Addison-Wesley}
}

@article{leonardo,
  title={15 seconds of fame},
  author={Solina, Franc},
  journal={Leonardo},
  volume={37},
  number={2},
  pages={105--110},
  year={2004},
  publisher={MIT Press},
  doi = {10.1162/0024094041139274}
}

@incollection{poglavje_springer,
  title={Art---A Perfect Testbed for Computer Vision Related Research},
  author={Peer, Peter and Batagelj, Borut},
  booktitle={Recent Advances in Multimedia Signal Processing and Communications},
  pages={611--629},
  year={2009},
  publisher={Springer},
  doi = {10.1007/978-3-642-02900-4_23}
}

@online{video,
title={Light Fountain II -- Galaxy},
author = {Franc Solina},
url = {https://youtu.be/y6NAiXlNm20},
urldate = {2021-06-09},
year = 2015
}

@book{solina2020skulpture,
  title={Skulpture/Sculptures 2012-2020, 2. izdaja / 2nd edition},
  author={Solina, Franc},
  year={2021},
  publisher={Društvo likovnih umetnikov Ljubljana, Zalo{\v{z}}ba UL FRI},
  address = {Ljubljana},
  doi = {10.51939/0001}
}

@online{nenajkrajsi,
title={Ne najkraj\v{s}i uvod v {\LaTeX 2$\epsilon$}},
author = {Tobias Oetiker and Hubert Partl and Irene Hyna and Elisabeth Schlegl},
url = {http://www-lp.fmf.uni-lj.si/plestenjak/vaje/latex/lshort.pdf},
urldate = {2016-10-01},
year = 2006
}

@online{slovarji,
title={{SLOVARJI.SI} seznam slovenskih spletnih slovarjev},
key={slovar},
url = {https://www.slovarji.si},
urldate = {2021-05-11}
}

@misc{knuth,
author = "{Wikipedia contributors}",
title = "Donald Knuth --- {Wikipedia}{,} The Free Encyclopedia",
year = "2021",
url = "https://en.wikipedia.org/w/index.php?title=Donald_Knuth&oldid=1020717520",
urldate = {2021-05-07}
}

@article{Kljun2018,
  doi = {10.1109/tlt.2018.2840716},
  year  = {2018},
  publisher = {Institute of Electrical and Electronics Engineers ({IEEE})},
  pages = {1--1},
  author = {Matja\v{z} Kljun and Rok Krulec and Klen \v{C}opi\v{c} Pucihar and Franc Solina},
  title = {Persuasive technologies in m-learning for training professionals: 
              how to keep learners engaged with adaptive triggering},
  journal = {{IEEE} Transactions on Learning Technologies}
}

@online{biblatex,
title={{Bibliography management with BibLaTex}},
url = {https://www.overleaf.com/learn/latex/Bibliography_management_with_biblatex},
urldate = {2021-05-07},
year = 1988
}


@online{ctan,
title = {BibLaTeX – Sophisticated Bibliographies in LaTeX},
url = {https://ctan.org/pkg/biblatex?lang=en},
urldate = {2021-05-11}
}

@online{howtopdfa,
title = {How to create a PDF/A file with LATEX},
author = {Jarmo Niemelä},
url = {https://webpages.tuni.fi/latex/pdfa-guide.pdf},
urldate = {2021-05-12}
}

@online{Islovar,
title={Islovar},
author={Slovensko društvo Informatika},
url = {http://www.islovar.org/islovar/islovar},
urldate = {2021-06-10}
}

@online{sdrv,
title={Slovar, Razpoznavanje vzorcev},
author={Slovensko društvo za razpoznavanje vzorcev},
url = {https://slovar.vicos.si},
urldate = {2021-06-10}
}

@online{fran,
title={Slovarji Inštituta za slovenski jezik Frana Ramovša ZRC SAZU},
author={ZRC SAZU},
url = {https://fran.si},
urldate = {2022-062-14}
}


